<?xml version="1.0" encoding="UTF-8"?><collection xmlns="http://www.loc.gov/MARC21/slim"><record><leader>00439nam--2200145-i-4500</leader><controlfield tag="001">000014165</controlfield><controlfield tag="002">20161230</controlfield><controlfield tag="005">20161230201030</controlfield><controlfield tag="008">060222s1000------------r-----000-0-eng-d</controlfield><datafield ind1=" " ind2=" " tag="080"><subfield code="a">621.3.049.774:621.3.049.77(016)</subfield></datafield><datafield ind1=" " ind2=" " tag="100"><subfield code="a">Agajanian, A.H</subfield></datafield><datafield ind1=" " ind2=" " tag="245"><subfield code="a">Ion implantation in microelectronics. a comprehensive bibliography</subfield></datafield><datafield ind1=" " ind2=" " tag="260"><subfield code="a">New York, Ifi/Plenum, 1981. X + 255 P</subfield></datafield><datafield ind1=" " ind2=" " tag="490"><subfield code="a">Computer Science Information Guides</subfield></datafield><datafield ind1=" " ind2=" " tag="852"><subfield code="a">D1396</subfield></datafield></record></collection>